@book{russell2016artificial,
	title={Artificial intelligence: a modern approach},
	author={Russell, Stuart J and Norvig, Peter},
	year={2016},
	publisher={Pearson}
}

@article{goodfellow2014generative,
	title={Generative adversarial nets},
	author={Goodfellow, Ian and Pouget-Abadie, Jean and Mirza, Mehdi and Xu, Bing and Warde-Farley, David and Ozair, Sherjil and Courville, Aaron and Bengio, Yoshua},
	journal={Advances in neural information processing systems},
	volume={27},
	year={2014}
}

@article{hochreiter1997long,
	title={Long short-term memory},
	author={Hochreiter, Sepp and Schmidhuber, J{\"u}rgen},
	journal={Neural computation},
	volume={9},
	number={8},
	pages={1735--1780},
	year={1997},
	publisher={MIT press}
}

@article{krizhevsky2017imagenet,
	title={ImageNet classification with deep convolutional neural networks},
	author={Krizhevsky, Alex and Sutskever, Ilya and Hinton, Geoffrey E},
	journal={Communications of the ACM},
	volume={60},
	number={6},
	pages={84--90},
	year={2017},
	publisher={AcM New York, NY, USA}
}

@book{berzal2019redes,
	title={Redes neuronales \& deep learning: Volumen II},
	author={Berzal, Fernando},
	year={2019},
	publisher={Independently published}
}

@article{berzalgan,
	title={Modelos con adversario [GANs]},
	author={Berzal, Fernando}
}

@article{rosenblatt1958perceptron,
	title={The perceptron: a probabilistic model for information storage and organization in the brain.},
	author={Rosenblatt, Frank},
	journal={Psychological review},
	volume={65},
	number={6},
	pages={386},
	year={1958},
	publisher={American Psychological Association}
}

@book{gonzalez1995redes,
	title={Redes neuronales artificiales: fundamentos, modelos y aplicaciones},
	author={Gonz{\'a}lez, J.R.H. and Hernando, V.J.M.},
	isbn={9780201878950},
	series={Serie Paradigma},
	url={https://books.google.es/books?id=jgKhLwAACAAJ},
	year={1995},
	publisher={Addison-Wesley Iberoamericana}
}

@misc{USAalz,
    title = {¿Qu{\'e} es la enfermedad de Alzheimer?},
    url = {https://www.alzheimers.gov/es/alzheimer-demencias/enfermedad-alzheimer},
    author = {Alzheimers.gov},
    year = {2024},
}

@misc{NationalInstitute2023,
    title = {Hoja informativa sobre la enfermedad de Alzheimer},
    url = {https://www.nia.nih.gov/espanol/enfermedad-alzheimer/enfermedad-alzheimer},
    author = {National Institute on Aging},
    year = {2023},
}

@misc{AssociationAlzheimer,
    title = {¿Qu{\'e} es el Alzheimer?},
    url = {https://www.alz.org/alzheimer-demencia/que-es-la-enfermedad-de-alzheimer},
    author = {Alzheimer’s Association},
    year = {2024},
}


@misc{UCMcantor,
    title = {Tecnolog{\'i}a del conocimiento (ITC)},
    url = {https://www.ucm.es/itc/noticias/40943},
    author = {Universidad Complutense de Madrid},
    year = {2020},
}

@misc{SAS2020,
    title = {Talleres de reminiscencia: objetos, im{\'a}genes y m{\'u}sicas para recordar},
    url = {https://santandreusalut.cat/es/talleres-de-reminiscencia-objetos-imagenes-y-musicas-para-recordar-y-hacer-trabajar-el-cerebro/},
    author = {Hospital Sant Andreu},
    year = {2020},
}

@misc{tau,
    title = {La proteína ‘tau’ de Alzheimer es más eficaz para predecir la aparición de Alzheimer que la amiloide},
    url = {https://www.alzheimerextremadura.org/la-proteina-tau-de-alzheimer-es-mas-eficaz-para-predecir-la-aparicion-de-alzheimer-que-la-amiloide/},
    author = {Alzheimer Extremadura},
    year = {2020},
}

@article{gonzalez2015terapia,
  title={Terapia de reminiscencia y sus efectos en los pacientes mayores con demencia},
  author={Gonz{\'a}lez-Ar{\'e}valo, Karen A},
  journal={Psicogeriatr{\'\i}a},
  volume={5},
  number={3},
  pages={101--111},
  year={2015}
}

@misc{GoogleIA,
    title = {Qu{\'e} es la inteligencia artificial o IA?},
    url = {https://cloud.google.com/learn/what-is-artificial-intelligence?hl=es-419},
    author = {Google},
    year = {2024},
}

@misc{FelixSanzSD,
    title = {C{\'o}mo implementar Stable Diffusion},
    url = {https://www.felixsanz.dev/es/articulos/como-implementar-stable-diffusion},
    author = {F{\'e}lix Sanz},
    year = {2024},
}

@misc{SDW2024,
    title = {How Does Stable Diffusion Work?},
    url = {https://stablediffusionweb.com/es/blog/how-does-stable-diffusion-work},
    author = {Andrew},
    year = {2024},
}

@inproceedings{rombach2022high,
  title={High-resolution image synthesis with latent diffusion models},
  author={Rombach, Robin and Blattmann, Andreas and Lorenz, Dominik and Esser, Patrick and Ommer, Bj{\"o}rn},
  booktitle={Proceedings of the IEEE/CVF conference on computer vision and pattern recognition},
  pages={10684--10695},
  year={2022}
} 

@misc{SDW2022,
    title = {Stable Diffusion with Diffusers},
    url = {https://huggingface.co/blog/stable_diffusion},
    author = {Patil, Suraj and Cuenca, Pedro and Lambert, Nathan and von Platen, Patrick},
    year = {2022},
}


@misc{LoRAHF,
    title = {LoRA},
    url = {https://huggingface.co/docs/diffusers/training/lora},
    author = {Hugging Face},
    year = {2024},
}

@misc{MicrosoftIA,
    title = {Aprendizaje profundo frente a aprendizaje automático en Azure Machine Learning},
    url = {https://learn.microsoft.com/es-es/azure/machine-learning/concept-deep-learning-vs-machine-learning?view=azureml-api-2},
    author = {Microsoft},
    year = {2024},
}

@misc{gradiente,
    title = {El gradiente},
    url = {https://es.khanacademy.org/math/multivariable-calculus/multivariable-derivatives/partial-derivative-and-gradient-articles/a/the-gradient},
    author = {Sanderson},
    year = {2017},
}

@misc{vectgrad,
    title = {Vector gradiente},
    url = {https://isa.umh.es/titere/tutorial/vision/cap8_5_1.htm},
    author = {Universidad Miguel Hernández},
    year = {2020},
}

@misc{structpercep,
    title = {Decoding the Perceptron: Foundation of Neural Networks},
    url = {https://siliconlotus.net/listing/decoding-the-perceptron-foundation-of-neural-networks/},
    author = {Pavithra},
    year = {2023},
}

@misc{rnn,
    title = {Redes Neuronales Recurrentes},
    url = {https://juansensio.com/blog/034_rnn_intro},
    author = {Sensio, Juan},
    year = {2020},
}

@article{fotolstm,
author = {Ferro, Camilo and Celis Mayorga, Nathalia and Casallas García, Alejandro},
year = {2020},
month = {08},
title = {Llenado de series de datos de 2014 a 2019 de PM2.5 por medio de una red neuronal y una regresión lineal},
doi = {10.13140/RG.2.2.35092.53126}
}

@article{fotocnn,
author = {Andrade, Hugo and Sinche, Soraya and Hidalgo, Pablo},
year = {2021},
month = {01},
pages = {111-120},
title = {Modelo para detectar el uso correcto de mascarillas en tiempo real utilizando redes neuronales convolucionales},
volume = {9},
journal = {Revista de Investigación en Tecnologías de la Información},
doi = {10.36825/RITI.09.17.011}
}

@misc{gan,
    title = {Red Generativa Antagónica (GAN)},
    url = {https://proyectoidis.org/red-generativa-antagonica-gan/},
    author = {Franco},
    year = {2014},
}

@misc{transformers,
    title = {Redes Transformer (... o el fin de las Redes Recurrentes)},
    url = {https://www.codificandobits.com/blog/redes-transformer/},
    author = {Sotoquirá, Miguel},
    year = {2020},
}

@misc{unet,
    title = {UNet — Line by Line Explanation},
    url = {https://towardsdatascience.com/unet-line-by-line-explanation-9b191c76baf5},
    author = {Zhang, Jeremy},
    year = {2019},
}